@book{nielsen_chuang_2010, place={Cambridge}, title={Quantum Computation and Quantum Information: 10th Anniversary Edition}, DOI={10.1017/CBO9780511976667}, publisher={Cambridge University Press}, author={Nielsen, Michael A. and Chuang, Isaac L.}, year={2010}}

@book{ibach2009solid,
  title={Solid-State Physics: An Introduction to Principles of Materials Science},
  author={Ibach, H. and L{\"u}th, H.},
  isbn={9783540938040},
  lccn={2009926968},
  series={Advanced texts in physics},
  url={https://books.google.it/books?id=qjxv68JFe3gC},
  year={2009},
  publisher={Springer Berlin Heidelberg}
}

@book{benenti_casati_strini_quantum_computation_information,
author = {Benenti, Giuliano and Casati, Giulio and Strini, Giuliano},
title = {Principles of Quantum Computation and Information},
publisher = {WORLD SCIENTIFIC},
year = {2004},
doi = {10.1142/5528},
address = {},
edition   = {},
URL = {https://www.worldscientific.com/doi/abs/10.1142/5528},
eprint = {https://www.worldscientific.com/doi/pdf/10.1142/5528}
}

@article {Omran570,
	author = {Omran, A. and Levine, H. and Keesling, A. and Semeghini, G. and Wang, T. T. and Ebadi, S. and Bernien, H. and Zibrov, A. S. and Pichler, H. and Choi, S. and Cui, J. and Rossignolo, M. and Rembold, P. and Montangero, S. and Calarco, T. and Endres, M. and Greiner, M. and Vuleti{\'c}, V. and Lukin, M. D.},
	title = {Generation and manipulation of Schr{\"o}dinger cat states in Rydberg atom arrays},
	volume = {365},
	number = {6453},
	pages = {570--574},
	year = {2019},
	doi = {10.1126/science.aax9743},
	publisher = {American Association for the Advancement of Science},
	issn = {0036-8075},
	URL = {https://science.sciencemag.org/content/365/6453/570},
	eprint = {https://science.sciencemag.org/content/365/6453/570.full.pdf},
	journal = {Science}
}

@article{Levine_2019,
   title={Parallel Implementation of High-Fidelity Multiqubit Gates with Neutral Atoms},
   volume={123},
   ISSN={1079-7114},
   url={http://dx.doi.org/10.1103/PhysRevLett.123.170503},
   DOI={10.1103/physrevlett.123.170503},
   number={17},
   journal={Physical Review Letters},
   publisher={American Physical Society (APS)},
   author={Levine, Harry and Keesling, Alexander and Semeghini, Giulia and Omran, Ahmed and Wang, Tout T. and Ebadi, Sepehr and Bernien, Hannes and Greiner, Markus and Vuletić, Vladan and Pichler, Hannes and et al.},
   year={2019},
   month={10}
}

@article{RevModPhys.75.281,
  title = {Quantum dynamics of single trapped ions},
  author = {Leibfried, D. and Blatt, R. and Monroe, C. and Wineland, D.},
  journal = {Rev. Mod. Phys.},
  volume = {75},
  number = {1},
  pages = {281--324},
  numpages = {0},
  year = {2003},
  month = {03},
  publisher = {American Physical Society},
  doi = {10.1103/RevModPhys.75.281},
  url = {https://link.aps.org/doi/10.1103/RevModPhys.75.281}
}

@article{PhysRevLett.74.4091,
  title = {Quantum Computations with Cold Trapped Ions},
  author = {Cirac, J. I. and Zoller, P.},
  journal = {Phys. Rev. Lett.},
  volume = {74},
  number = {20},
  pages = {4091--4094},
  numpages = {0},
  year = {1995},
  month = {05},
  publisher = {American Physical Society},
  doi = {10.1103/PhysRevLett.74.4091},
  url = {https://link.aps.org/doi/10.1103/PhysRevLett.74.4091}
}

@Article{Ramanathan2004,
author={Ramanathan, Chandrasekhar
and Boulant, Nicolas
and Chen, Zhiying
and Cory, David G.
and Chuang, Isaac
and Steffen, Matthias},
title={NMR Quantum Information Processing},
journal={Quantum Information Processing},
year={2004},
month={10},
day={01},
volume={3},
number={1},
pages={15-44},
issn={1573-1332},
doi={10.1007/s11128-004-3668-x},
url={https://doi.org/10.1007/s11128-004-3668-x}
}

@Article{Feynman1982,
author={Feynman, Richard P.},
title={Simulating physics with computers},
journal={International Journal of Theoretical Physics},
year={1982},
month={06},
day={01},
volume={21},
number={6},
pages={467-488},
issn={1572-9575},
doi={10.1007/BF02650179},
url={https://doi.org/10.1007/BF02650179}
}

@article{PhysicsPhysiqueFizika.1.195,
  title = {On the Einstein Podolsky Rosen paradox},
  author = {Bell, J. S.},
  journal = {Physics Physique Fizika},
  volume = {1},
  number = {3},
  pages = {195--200},
  numpages = {6},
  year = {1964},
  month = {11},
  publisher = {American Physical Society},
  doi = {10.1103/PhysicsPhysiqueFizika.1.195},
  url = {https://link.aps.org/doi/10.1103/PhysicsPhysiqueFizika.1.195}
}

@INPROCEEDINGS{shor_alg,
  author={Shor, P.W.},
  booktitle={Proceedings 35th Annual Symposium on Foundations of Computer Science}, 
  title={Algorithms for quantum computation: discrete logarithms and factoring}, 
  year={1994},
  volume={},
  number={},
  pages={124-134},
  doi={10.1109/SFCS.1994.365700}}
  
@article{coppersmith2002approximate,
  title={An approximate Fourier transform useful in quantum factoring},
  author={Coppersmith, Don},
  journal={arXiv preprint quant-ph/0201067},
  year={2002},
  url={http://arxiv.org/abs/quant-ph/0201067}
}

@article{RevModPhys.73.357,
  title = {Quantum-state engineering with Josephson-junction devices},
  author = {Makhlin, Yuriy and Sch\"on, Gerd and Shnirman, Alexander},
  journal = {Rev. Mod. Phys.},
  volume = {73},
  number = {2},
  pages = {357--400},
  numpages = {0},
  year = {2001},
  month = {05},
  publisher = {American Physical Society},
  doi = {10.1103/RevModPhys.73.357},
  url = {https://link.aps.org/doi/10.1103/RevModPhys.73.357}
}

@article{Castelvecchi2017google,
author={Castelvecchi, Davide},
title={Quantum computers ready to leap out of the lab in 2017},
journal={Nature},
year={2017},
month={01},
day={01},
volume={541},
number={7635},
pages={9-10},
abstract={Google, Microsoft and a host of labs and start-ups are racing to turn scientific curiosities into working machines.},
issn={1476-4687},
doi={10.1038/541009a},
url={https://doi.org/10.1038/541009a}
}

@article{google48651,
title	= {Quantum Supremacy using a Programmable Superconducting Processor},
author	= {Frank Arute and Kunal Arya and Ryan Babbush and Dave Bacon and Joseph Bardin and Rami Barends and Rupak Biswas and Sergio Boixo and Fernando Brandao and David Buell and Brian Burkett and Yu Chen and Jimmy Chen and Ben Chiaro and Roberto Collins and William Courtney and Andrew Dunsworth and Edward Farhi and Brooks Foxen and Austin Fowler and Craig Michael Gidney and Marissa Giustina and Rob Graff and Keith Guerin and Steve Habegger and Matthew Harrigan and Michael Hartmann and Alan Ho and Markus Rudolf Hoffmann and Trent Huang and Travis Humble and Sergei Isakov and Evan Jeffrey and Zhang Jiang and Dvir Kafri and Kostyantyn Kechedzhi and Julian Kelly and Paul Klimov and Sergey Knysh and Alexander Korotkov and Fedor Kostritsa and Dave Landhuis and Mike Lindmark and Erik Lucero and Dmitry Lyakh and Salvatore Mandrà and Jarrod Ryan McClean and Matthew McEwen and Anthony Megrant and Xiao Mi and Kristel Michielsen and Masoud Mohseni and Josh Mutus and Ofer Naaman and Matthew Neeley and Charles Neill and Murphy Yuezhen Niu and Eric Ostby and Andre Petukhov and John Platt and Chris Quintana and Eleanor G. Rieffel and Pedram Roushan and Nicholas Rubin and Daniel Sank and Kevin J. Satzinger and Vadim Smelyanskiy and Kevin Jeffery Sung and Matt Trevithick and Amit Vainsencher and Benjamin Villalonga and Ted White and Z. Jamie Yao and Ping Yeh and Adam Zalcman and Hartmut Neven and John Martinis},
year	= {2019},
URL	= {https://www.nature.com/articles/s41586-019-1666-5},
journal	= {Nature},
pages	= {505–510},
volume	= {574}
}

@Article{Castelvecchi2017ibm,
author={Castelvecchi, Davide},
title={IBM's quantum cloud computer goes commercial},
journal={Nature},
year={2017},
month={03},
day={01},
volume={543},
number={7644},
pages={159-159},
abstract={Company plans a bigger, better system aimed at creating a market for the still-immature technology.},
issn={1476-4687},
doi={10.1038/nature.2017.21585},
url={https://doi.org/10.1038/nature.2017.21585}
}

@misc{rigetti_computing_2021,
title={Rigetti Computing introduces world's first scalable multi-chip quantum processor},
howpublished = "\url{https://www.globenewswire.com/news-release/2021/06/29/2255028/0/en/Rigetti-Computing-introduces-world-s-first-scalable-multi-chip-quantum-processor.html}",
journal={GlobeNewswire News Room},
publisher={Rigetti Computing},
author={Rigetti Computing},
year={2021},
month={06},
note = "[accessed 30 Aug, 2021]"
}

@misc{dwave_5000q,
title={D-Wave announces 5,000-qubit fifth generation quantum annealer}, howpublished = "\url{https://www.techrepublic.com/article/d-wave-announces-5000-qubit-fifth-generation-quantum-annealer/}",
journal={},
publisher={},
author={James Sanders},
year={2019},
month={09},
note = "[accessed 30 Aug, 2021]"
}

@article{Werschnik_2007,
	doi = {10.1088/0953-4075/40/18/r01},
	url = {https://doi.org/10.1088/0953-4075/40/18/r01},
	year = 2007,
	month = {09},
	publisher = {{IOP} Publishing},
	volume = {40},
	number = {18},
	pages = {R175--R211},
	author = {J Werschnik and E K U Gross},
	title = {Quantum optimal control theory},
	journal = {Journal of Physics B: Atomic, Molecular and Optical Physics}
}

@article{Glaser2015,
author={Glaser, Steffen J.
and Boscain, Ugo
and Calarco, Tommaso
and Koch, Christiane P.
and K{\"o}ckenberger, Walter
and Kosloff, Ronnie
and Kuprov, Ilya
and Luy, Burkhard
and Schirmer, Sophie
and Schulte-Herbr{\"u}ggen, Thomas
and Sugny, Dominique
and Wilhelm, Frank K.},
title={Training Schr{\"o}dinger's cat: quantum optimal control},
journal={The European Physical Journal D},
year={2015},
month={12},
day={17},
volume={69},
number={12},
pages={279},
issn={1434-6079},
doi={10.1140/epjd/e2015-60464-1},
url={https://doi.org/10.1140/epjd/e2015-60464-1}
}

@misc{boscain2020introduction,
      title={Introduction to the Foundations of Quantum Optimal Control}, 
      author={U. Boscain and M. Sigalotti and D. Sugny},
      year={2020},
      eprint={2010.09368},
      archivePrefix={arXiv},
      primaryClass={quant-ph}
}

@Inbook{Onnes1991,
author="Onnes, H. Kamerlingh",
editor="Gavroglu, Kostas
and Goudaroulis, Yorgos",
title="Further experiments with liquid helium. C. On the change of electric resistance of pure metals at very low temperatures etc. IV. The resistance of pure mercury at helium temperatures",
bookTitle="Through Measurement to Knowledge: The Selected Papers of Heike Kamerlingh Onnes 1853--1926",
year="1991",
publisher="Springer Netherlands",
address="Dordrecht",
pages="261--263",
isbn="978-94-009-2079-8",
doi="10.1007/978-94-009-2079-8_15",
url="https://doi.org/10.1007/978-94-009-2079-8_15"
}

@article{London_equations,
author = {London, F.  and London, H.  and Lindemann, Frederick Alexander },
title = {The electromagnetic equations of the supraconductor},
journal = {Proceedings of the Royal Society of London. Series A - Mathematical and Physical Sciences},
volume = {149},
number = {866},
pages = {71-88},
year = {1935},
doi = {10.1098/rspa.1935.0048},

URL = {https://royalsocietypublishing.org/doi/abs/10.1098/rspa.1935.0048},
eprint = {https://royalsocietypublishing.org/doi/pdf/10.1098/rspa.1935.0048}
}

@book{kittel1996introduction,
  title={Introduction to solid state physics},
  author={Kittel, Charles and McEuen, Paul and McEuen, Paul},
  volume={8},
  year={1996},
  publisher={Wiley New York}
}

@article{optimal_control_NV_centers,
author = {Rembold,Phila  and Oshnik,Nimba  and Müller,Matthias M.  and Montangero,Simone  and Calarco,Tommaso  and Neu,Elke },
title = {Introduction to quantum optimal control for quantum sensing with nitrogen-vacancy centers in diamond},
journal = {AVS Quantum Science},
volume = {2},
number = {2},
pages = {024701},
year = {2020},
doi = {10.1116/5.0006785},
URL = {https://doi.org/10.1116/5.0006785},
eprint = {https://doi.org/10.1116/5.0006785}
}

@article{Caneva_2011,
   title={Chopped random-basis quantum optimization},
   volume={84},
   ISSN={1094-1622},
   url={http://dx.doi.org/10.1103/PhysRevA.84.022326},
   DOI={10.1103/physreva.84.022326},
   number={2},
   journal={Physical Review A},
   publisher={American Physical Society (APS)},
   author={Caneva, Tommaso and Calarco, Tommaso and Montangero, Simone},
   year={2011},
   month={08}
}

@article{nelder_mead_algorithm,
    author = {Nelder, J. A. and Mead, R.},
    title = "{A Simplex Method for Function Minimization}",
    journal = {The Computer Journal},
    volume = {7},
    number = {4},
    pages = {308-313},
    year = {1965},
    month = {01},
    issn = {0010-4620},
    doi = {10.1093/comjnl/7.4.308},
    url = {https://doi.org/10.1093/comjnl/7.4.308},
    eprint = {https://academic.oup.com/comjnl/article-pdf/7/4/308/1013182/7-4-308.pdf},
}

@article{PhysRev.104.1189,
  title = {Bound Electron Pairs in a Degenerate Fermi Gas},
  author = {Cooper, Leon N.},
  journal = {Phys. Rev.},
  volume = {104},
  number = {4},
  pages = {1189--1190},
  numpages = {0},
  year = {1956},
  month = {11},
  publisher = {American Physical Society},
  doi = {10.1103/PhysRev.104.1189},
  url = {https://link.aps.org/doi/10.1103/PhysRev.104.1189}
}

@article{BCS_theory,
  title = {Theory of Superconductivity},
  author = {Bardeen, J. and Cooper, L. N. and Schrieffer, J. R.},
  journal = {Phys. Rev.},
  volume = {108},
  number = {5},
  pages = {1175--1204},
  numpages = {0},
  year = {1957},
  month = {12},
  publisher = {American Physical Society},
  doi = {10.1103/PhysRev.108.1175},
  url = {https://link.aps.org/doi/10.1103/PhysRev.108.1175}
}

@book{ballentine1998quantum,
  title={Quantum Mechanics: A Modern Development},
  author={Ballentine, L.E.},
  isbn={9789810241056},
  lccn={98012768},
  url={https://books.google.it/books?id=sHJRFHz1rYsC},
  year={1998},
  publisher={World Scientific}
}

@article{PhysRevLett.8.316,
  title = {Superconductive Tunneling},
  author = {Cohen, M. H. and Falicov, L. M. and Phillips, J. C.},
  journal = {Phys. Rev. Lett.},
  volume = {8},
  number = {8},
  pages = {316--318},
  numpages = {0},
  year = {1962},
  month = {04},
  publisher = {American Physical Society},
  doi = {10.1103/PhysRevLett.8.316},
  url = {https://link.aps.org/doi/10.1103/PhysRevLett.8.316}
}

@article{JOSEPHSON1962251,
title = {Possible new effects in superconductive tunnelling},
journal = {Physics Letters},
volume = {1},
number = {7},
pages = {251-253},
year = {1962},
issn = {0031-9163},
doi = {https://doi.org/10.1016/0031-9163(62)91369-0},
url = {https://www.sciencedirect.com/science/article/pii/0031916362913690},
author = {B.D. Josephson}
}

@article{shapiro_5392409,
  author={Shapiro, S. and Smith, P. H. and Nicol, J. and Miles, J. L. and Strong, P. F.},
  journal={IBM Journal of Research and Development}, 
  title={Superconductivity and Electron Tunneling}, 
  year={1962},
  volume={6},
  number={1},
  pages={34-43},
  doi={10.1147/rd.61.0034}}

@article{PhysRevLett.10.230,
  title = {Probable Observation of the Josephson Superconducting Tunneling Effect},
  author = {Anderson, P. W. and Rowell, J. M.},
  journal = {Phys. Rev. Lett.},
  volume = {10},
  number = {6},
  pages = {230--232},
  numpages = {0},
  year = {1963},
  month = {03},
  publisher = {American Physical Society},
  doi = {10.1103/PhysRevLett.10.230},
  url = {https://link.aps.org/doi/10.1103/PhysRevLett.10.230}
}

@article{Landau:486430,
      author        = "Landau, Lev Davidovich and Ginzburg, V L",
      title         = "{On the theory of superconductivity}",
      journal       = "Zh. Eksp. Teor. Fiz.",
      volume        = "20",
      pages         = "1064",
      year          = "1950",
      url           = "http://cds.cern.ch/record/486430",
}

@article{Makhlin_2002,
   volume={1},
   ISSN={1570-0755},
   url={http://dx.doi.org/10.1023/A:1022144002391},
   DOI={10.1023/a:1022144002391},
   number={4},
   journal={Quantum Information Processing},
   publisher={Springer Science and Business Media LLC},
   author={Makhlin, Yuriy},
   year={2002},
   pages={243–252}
}

@Article{Gao2012,
author={Gao, Fuchang
and Han, Lixing},
title={Implementing the Nelder-Mead simplex algorithm with adaptive parameters},
journal={Computational Optimization and Applications},
year={2012},
month={01},
day={01},
volume={51},
number={1},
pages={259-277},
issn={1573-2894},
doi={10.1007/s10589-010-9329-3},
url={https://doi.org/10.1007/s10589-010-9329-3}
}

@incollection{meservey2018equilibrium,
  title={Equilibrium properties: Comparison of experimental results with predictions of the BCS theory},
  author={Meservey, R and Schwartz, BB},
  booktitle={Superconductivity},
  pages={117--191},
  year={2018},
  publisher={CRC Press},
  url={https://www.taylorfrancis.com/chapters/edit/10.1201/9780203737965-3/equilibrium-properties-comparison-experimental-results-predictions-bcs-theory-meservey-schwartz},
  doi={10.1201/9780203737965-3}
}

@article{Rach_2015_dCRAB,
   title={Dressing the chopped-random-basis optimization: A bandwidth-limited access to the trap-free landscape},
   volume={92},
   ISSN={1094-1622},
   url={http://dx.doi.org/10.1103/PhysRevA.92.062343},
   DOI={10.1103/physreva.92.062343},
   number={6},
   journal={Physical Review A},
   publisher={American Physical Society (APS)},
   author={Rach, N. and Müller, M. M. and Calarco, T. and Montangero, S.},
   year={2015},
   month={12}
}

@article{Wu_Nori_2012,
author = {Wu, Rebing and Li, Tie-Fu and Kofman, A. and Zhang, Jing and Liu, Yu-xi and Pashkin, Yu and Tsai, Jaw-Shen and Nori, Franco},
year = {2012},
month = {11},
pages = {},
title = {Spectral Analysis and Identification of Noises in Quantum Systems},
volume = {87},
journal = {Physical Review A},
doi = {10.1103/PhysRevA.87.022324}
}