@book{einstein,
    author="Albert Einstein",
    title="{Zur Elektrodynamik bewegter K{\"o}rper}. ({German})
        [{On} the electrodynamics of moving bodies]",
    journal="Annalen der Physik",
    volume="322",
    number="10",
    pages="891--921",
    year="1905",
    DOI="http://dx.doi.org/10.1002/andp.19053221004"
}

@book{RevModPhys.36.216,
  title = {Coupled Superconductors},
  author = {JOSEPHSON, B. D.},
  journal = {Rev. Mod. Phys.},
  volume = {36},
  issue = {1},
  pages = {216--220},
  numpages = {0},
  year = {1964},
  month = {Jan},
  publisher = {American Physical Society},
  doi = {10.1103/RevModPhys.36.216},
  url = {https://link.aps.org/doi/10.1103/RevModPhys.36.216}
}